%% Created using Papers on Tue, 19 May 2015.
%% http://papersapp.com/papers/

@article{McGrath:2009dx,
author = {McGrath, Patrick T and Rockman, Matthew V and Zimmer, Manuel and Jang, Heeun and Macosko, Evan Z and Kruglyak, Leonid and Bargmann, Cornelia I},
title = {{Quantitative mapping of a digenic behavioral trait implicates globin variation in \emph{C. elegans} sensory behaviors.}},
journal = {Neuron},
year = {2009},
volume = {61},
number = {5},
pages = {692--699},
month = mar
}

@article{Broman:2003wq,
author = {Broman, Karl W and Wu, Hao and Sen, Saunak and Churchill, Gary A},
title = {{R/qtl: QTL mapping in experimental crosses.}},
journal = {Bioinformatics},
year = {2003},
volume = {19},
number = {7},
pages = {889--890},
month = may
}

@article{Broman:2012co,
author = {Broman, Karl W and Kim, Sungjin and Sen, Saunak and An{\'e}, C{\'e}cile and Payseur, Bret A},
title = {{Mapping quantitative trait loci onto a phylogenetic tree.}},
journal = {Genetics},
year = {2012},
volume = {192},
number = {1},
pages = {267--279},
month = sep
}

@article{Fisher:2000ta,
author = {Fisher, R A},
title = {{The Correlation Between Relatives on the Supposition of Mendelian Inheritence}},
journal = {Transaction of the Royal Society of Edinburgh},
year = {1918},
volume = {52},
pages = {399--433}
}

@book{Broman:2009gn,
author = {Broman, Karl and Sen, Saunak},
title = {{A Guide to QTL Mapping with R/qtl}},
publisher = {Springer Science {\&} Business Media},
year = {2009},
series = {Statistics for Biology and Health},
address = {New York, NY},
month = jul
}

@article{Gaertner:2012dk,
author = {Gaertner, Bryn E and Parmenter, Michelle D and Rockman, Matthew V and Kruglyak, Leonid and Phillips, Patrick C},
title = {{More than the sum of its parts: a complex epistatic network underlies natural variation in thermal preference behavior in \emph{Caenorhabditis elegans.}}},
journal = {Genetics},
year = {2012},
volume = {192},
number = {4},
pages = {1533--1542},
month = dec
}

@article{Hsu:2013kc,
author = {Hsu, Patrick D and Scott, David A and Weinstein, Joshua A and Ran, F Ann and Konermann, Silvana and Agarwala, Vineeta and Li, Yinqing and Fine, Eli J and Wu, Xuebing and Shalem, Ophir and Cradick, Thomas J and Marraffini, Luciano A and Bao, Gang and Zhang, Feng},
title = {{DNA targeting specificity of RNA-guided Cas9 nucleases.}},
journal = {Nature Biotechnology},
year = {2013},
volume = {31},
number = {9},
pages = {827--832},
month = sep
}

@article{Wartlick:2013ii,
author = {Wartlick, Friedrich and Bopp, Anita and Henninger, Christian and Fritz, Gerhard},
title = {{DNA damage response (DDR) induced by topoisomerase II poisons requires nuclear function of the small GTPase Rac.}},
journal = {Biochimica et biophysica acta},
year = {2013},
volume = {1833},
number = {12},
pages = {3093--3103},
month = dec
}

@article{Wang:2006is,
author = {Wang, Peng and Song, Jin H and Song, Doyoun K and Zhang, Jing and Hao, Chunhai},
title = {{Role of death receptor and mitochondrial pathways in conventional chemotherapy drug induction of apoptosis.}},
journal = {Cellular signalling},
year = {2006},
volume = {18},
number = {9},
pages = {1528--1535},
month = sep
}

@article{Montecucco:2001vc,
title = {{Etoposide induces the dispersal of DNA ligase I from replication factories.}},
year = {2001},
volume = {12},
number = {7},
pages = {2109--2118},
month = jul
}

@article{Rossi:2006ej,
author = {Rossi, Rossella and Lidonnici, Maria Rosa and Soza, Samuela and Biamonti, Giuseppe and Montecucco, Alessandra},
title = {{The dispersal of replication proteins after Etoposide treatment requires the cooperation of Nbs1 with the ataxia telangiectasia Rad3-related/Chk1 pathway.}},
journal = {Cancer research},
year = {2006},
volume = {66},
number = {3},
pages = {1675--1683},
month = feb
}

@article{Maser:1997tx,
author = {Maser, R S and Monsen, K J and Nelms, B E and Petrini, J H},
title = {{hMre11 and hRad50 nuclear foci are induced during the normal cellular response to DNA double-strand breaks.}},
journal = {Molecular and cellular biology},
year = {1997},
volume = {17},
number = {10},
pages = {6087--6096},
month = oct
}

@article{Montecucco:2007hk,
author = {Montecucco, Alessandra and Biamonti, Giuseppe},
title = {{Cellular response to etoposide treatment}},
journal = {Cancer Letters},
year = {2007},
volume = {252},
number = {1},
pages = {9--18},
month = jul
}

@article{Mao:2001cx,
author = {Mao, Y and Desai, S D and Ting, C Y and Hwang, J},
title = {{26 S proteasome-mediated degradation of topoisomerase II cleavable complexes.}},
journal = {The Journal of biological chemistry},
year = {2001},
volume = {276},
number = {44},
pages = {40652--40658},
month = nov
}

@article{Lans:2015iq,
author = {Lans, Hannes and Vermeulen, Wim},
title = {{Tissue specific response to DNA damage: C. elegans as role model}},
journal = {DNA repair},
year = {2015},
pages = {1--8},
month = may
}

@article{Acker:2014ha,
author = {Acker, Michael G and Auld, Douglas S},
title = {{Considerations for the design and reporting of enzyme assays in high-throughput screening applications}},
journal = {Perspectives in Science},
year = {2014},
volume = {1},
number = {1-6},
pages = {56--73},
month = may
}

@article{Kingma:1999cc,
author = {Kingma, P S and Burden, D A and Osheroff, N},
title = {{Binding of etoposide to topoisomerase II in the absence of DNA: decreased affinity as a mechanism of drug resistance.}},
journal = {Biochemistry},
year = {1999},
volume = {38},
number = {12},
pages = {3457--3461},
month = mar
}

@book{Anonymous:SyVMjoOL,
title = {{Current Protocol Pharmacology}}
}

@article{Rockman:2009hb,
author = {Rockman, Matthew V and Kruglyak, Leonid},
title = {{Recombinational landscape and population genomics of \emph{Caenorhabditis elegans}.}},
journal = {PLoS genetics},
year = {2009},
volume = {5},
number = {3},
pages = {e1000419},
month = mar
}

@article{Burden:1996vo,
author = {Burden, D A and Kingma, P S and Froelich-Ammon, S J and Bjornsti, M A and Patchan, M W and Thompson, R B and Osheroff, N},
title = {{Topoisomerase II.etoposide interactions direct the formation of drug-induced enzyme-DNA cleavage complexes.}},
journal = {The Journal of biological chemistry},
year = {1996},
volume = {271},
number = {46},
pages = {29238--29244},
month = nov
}

@article{Bandele:2007ko,
author = {Bandele, Omari J and Osheroff, Neil},
title = {{Bioflavonoids as poisons of human topoisomerase II alpha and II beta.}},
journal = {Biochemistry},
year = {2007},
volume = {46},
number = {20},
pages = {6097--6108},
month = may
}

@article{Worland:1989wl,
author = {Worland, S T and Wang, J C},
title = {{Inducible overexpression, purification, and active site mapping of DNA topoisomerase II from the yeast \emph{Saccharomyces cerevisiae}.}},
journal = {The Journal of biological chemistry},
year = {1989},
volume = {264},
number = {8},
pages = {4412--4416},
month = mar
}

@article{Laponogov:2009iw,
author = {Laponogov, Ivan and Sohi, Maninder K and Veselkov, Dennis A and Pan, Xiao-Su and Sawhney, Ritica and Thompson, Andrew W and McAuley, Katherine E and Fisher, L Mark and Sanderson, Mark R},
title = {{Structural insight into the quinolone-DNA cleavage complex of type IIA topoisomerases.}},
journal = {Nature structural {\&} molecular biology},
year = {2009},
volume = {16},
number = {6},
pages = {667--669},
month = jun
}

@article{Azarova:2007hy,
author = {Azarova, Anna M and Lyu, Yi Lisa and Lin, Chao-Po and Tsai, Yuan-Chin and Lau, Johnson Yiu-Nam and Wang, James C and Liu, Leroy F},
title = {{Roles of DNA topoisomerase II isozymes in chemotherapy and secondary malignancies.}},
journal = {Proceedings of the National Academy of Sciences of the United States of America},
year = {2007},
volume = {104},
number = {26},
pages = {11014--11019},
month = jun
}

@article{Aldred:2014ko,
author = {Aldred, Katie J and Kerns, Robert J and Osheroff, Neil},
title = {{Mechanism of quinolone action and resistance.}},
journal = {Biochemistry},
year = {2014},
volume = {53},
number = {10},
pages = {1565--1574},
month = mar
}

@article{Seol:2013by,
author = {Seol, Yeonee and Gentry, Amanda C and Osheroff, Neil and Neuman, Keir C},
title = {{Chiral discrimination and writhe-dependent relaxation mechanism of human topoisomerase II$\alpha$.}},
journal = {The Journal of biological chemistry},
year = {2013},
volume = {288},
number = {19},
pages = {13695--13703},
month = may
}

@article{Gentry:2011dl,
author = {Gentry, Amanda C and Pitts, Steven L and Jablonsky, Michael J and Bailly, Christian and Graves, David E and Osheroff, Neil},
title = {{Interactions between the etoposide derivative F14512 and human type II topoisomerases: implications for the C4 spermine moiety in promoting enzyme-mediated DNA cleavage.}},
journal = {Biochemistry},
year = {2011},
volume = {50},
number = {15},
pages = {3240--3249},
month = apr
}

@article{Soubeyrand:2010eh,
author = {Soubeyrand, S{\'e}bastien and Pope, Louise and Hach{\'e}, Robert J G},
title = {{Topoisomerase IIalpha-dependent induction of a persistent DNA damage response in response to transient etoposide exposure.}},
journal = {Molecular oncology},
year = {2010},
volume = {4},
number = {1},
pages = {38--51},
month = feb
}

@article{Bandele:2008df,
author = {Bandele, Omari J and Osheroff, Neil},
title = {{The efficacy of topoisomerase II-targeted anticancer agents reflects the persistence of drug-induced cleavage complexes in cells.}},
journal = {Biochemistry},
year = {2008},
volume = {47},
number = {45},
pages = {11900--11908},
month = nov
}

@article{Buhler:2001ev,
author = {Buhler, C and Lebbink, J H and Bocs, C and Ladenstein, R and Forterre, P},
title = {{DNA topoisomerase VI generates ATP-dependent double-strand breaks with two-nucleotide overhangs.}},
journal = {The Journal of biological chemistry},
year = {2001},
volume = {276},
number = {40},
pages = {37215--37222},
month = oct
}

@article{PHILLIPS:2008dm,
author = {Phillips, Patrick C},
title = {{Epistasis--the essential role of gene interactions in the structure and evolution of genetic systems.}},
journal = {Nature Publishing Group},
year = {2008},
volume = {9},
number = {11},
pages = {855--867},
month = nov
}

@article{Gibson:2009bc,
author = {Gibson, Daniel G and Young, Lei and Chuang, Ray-Yuan and Venter, J Craig and Hutchison, Clyde A and Smith, Hamilton O},
title = {{Enzymatic assembly of DNA molecules up to several hundred kilobases.}},
journal = {Nature Methods},
year = {2009},
volume = {6},
number = {5},
pages = {343--345},
month = may
}

@article{Hawley:2006gg,
author = {Hawley, R Scott and Gilliland, William D},
title = {{Sometimes the result is not the answer: the truths and the lies that come from using the complementation test.}},
journal = {Genetics},
year = {2006},
volume = {174},
number = {1},
pages = {5--15},
month = sep
}

@article{Wong:2002wc,
author = {Wong, G T},
title = {{Speed congenics: applications for transgenic and knock-out mouse strains.}},
journal = {Neuropeptides},
year = {2002},
volume = {36},
number = {2-3},
pages = {230--236},
month = apr
}

@article{Wakeland:1997tn,
author = {Wakeland, E and Morel, L and Achey, K and Yui, M and Longmate, J},
title = {{Speed congenics: a classic technique in the fast lane (relatively speaking).}},
journal = {Immunology today},
year = {1997},
volume = {18},
number = {10},
pages = {472--477},
month = oct
}

@article{Kessner:2015hs,
author = {Kessner, Darren and Novembre, John},
title = {{Power analysis of artificial selection experiments using efficient whole genome simulation of quantitative traits.}},
journal = {Genetics},
year = {2015},
volume = {199},
number = {4},
pages = {991--1005},
month = apr
}

@article{Stern:2014jp,
author = {Stern, David L},
title = {{Identification of loci that cause phenotypic variation in diverse species with the reciprocal hemizygosity test.}},
journal = {Trends in genetics : TIG},
year = {2014},
volume = {30},
number = {12},
pages = {547--554},
month = dec
}

@article{Price:2010fc,
author = {Price, Alkes L and Zaitlen, Noah A and Reich, David and Patterson, Nick},
title = {{New approaches to population stratification in genome-wide association studies.}},
journal = {Nature Publishing Group},
year = {2010},
volume = {11},
number = {7},
pages = {459--463},
month = jul
}

@article{Rockman:2008db,
title = {{Breeding designs for recombinant inbred advanced intercross lines.}},
journal = {Genetics},
year = {2008},
volume = {179},
number = {2},
pages = {1069--1078},
month = jun
}

@article{Koonin:2014by,
title = {{Calorie Restriction a` Lamarck}},
journal = {Cell},
year = {2014},
volume = {158},
number = {2},
pages = {237--238},
month = jul
}

@article{Rechavi:2014ht,
author = {Rechavi, Oded and Houri-Ze'evi, Leah and Anava, Sarit and Goh, Wee Siong Sho and Kerk, Sze Yen and Hannon, Gregory J and Hobert, Oliver},
title = {{Starvation-Induced Transgenerational Inheritance of Small RNAs in \emph{C. elegans}}},
journal = {Cell},
year = {2014},
volume = {158},
number = {2},
pages = {277--287},
month = jul
}

@article{Huang:2007id,
author = {Huang, R Stephanie and Huang, R S and Duan, Shiwei and Duan, S and Bleibel, W K and Bleibel, Wasim K and Kistner, E O and Kistner, Emily O and Zhang, W and Zhang, Wei and Clark, T A and Clark, Tyson A and Chen, Tina X and Chen, T X and Schweitzer, A C and Schweitzer, Anthony C and Blume, J E and Blume, John E and Cox, Nancy J and Cox, N J and Dolan, M Eileen and Dolan, M E},
title = {{A genome-wide approach to identify genetic variants that contribute to etoposide-induced cytotoxicity.}},
year = {2007},
volume = {104},
number = {23},
pages = {9758--9763},
month = jun
}

@article{Nitiss:2009ip,
author = {Nitiss, John L},
title = {{DNA topoisomerase II and its growing repertoire of biological functions.}},
journal = {Nature reviews. Cancer},
year = {2009},
volume = {9},
number = {5},
pages = {327--337},
month = may
}

@article{Nitiss:2009kg,
author = {Nitiss, John L},
title = {{Targeting DNA topoisomerase II in cancer chemotherapy.}},
journal = {Nature reviews. Cancer},
year = {2009},
volume = {9},
number = {5},
pages = {338--350},
month = may
}

@article{Rebucci:2013du,
author = {Rebucci, Magali and Michiels, Carine},
title = {{Molecular aspects of cancer cell resistance to chemotherapy.}},
journal = {Biochemical pharmacology},
year = {2013},
volume = {85},
number = {9},
pages = {1219--1226},
month = may
}

@article{Yi:2015th,
author = {Yi, Jun-Mei and Zhang, Xiao-Fei and Huan, Xia-Juan and Song, Shan-Shan and Wang, Wei and Tian, Qian-Ting and Sun, Yi-Ming and Chen, Yi and Ding, Jian and Wang, Ying-Qing and Yang, Chun-Hao and Miao, Ze-Hong},
title = {{Dual targeting of microtubule and topoisomerase II by $\alpha$-carboline derivative YCH337 for tumor proliferation and growth inhibition.}},
journal = {Oncotarget},
year = {2015},
month = mar
}

@article{Schmidt:2012eu,
author = {Schmidt, Bryan H and Osheroff, Neil and Berger, James M},
title = {{Structure of a topoisomerase II-DNA-nucleotide complex reveals a new control mechanism for ATPase activity.}},
journal = {Nature structural {\&} molecular biology},
year = {2012},
volume = {19},
number = {11},
pages = {1147--1154},
month = nov
}

@article{Pommier:2010kma,
author = {Pommier, Yves and Leo, Elisabetta and Zhang, HongLiang and Marchand, Christophe},
title = {{DNA Topoisomerases and Their Poisoning by Anticancer and Antibacterial Drugs}},
journal = {Chemistry {\&} Biology},
year = {2010},
volume = {17},
number = {5},
pages = {421--433},
month = may
}

@book{Wang:2009ig,
author = {Wang, James C},
title = {{A journey in the world of DNA rings and beyond.}},
year = {2009},
volume = {78},
address = {Department of Molecular and Cellular Biology, Harvard University, Cambridge, MA 02138, USA. jcwang@fas.harvard.edu}
}

@article{Austin:1995ua,
author = {Austin, C A and Marsh, K L and Wasserman, R A and Willmore, E and Sayer, P J and Fisher, L M},
title = {{Expression, domain structure, and enzymatic properties of an active recombinant human DNA topoisomerase II beta.}},
journal = {The Journal of biological chemistry},
year = {1995},
volume = {270},
number = {26},
pages = {15739--15746},
month = jun
}

@article{Akimitsu:2003vy,
author = {Akimitsu, Nobuyoshi and Adachi, Noritaka and Hirai, Hiroshi and Hossain, Muktadir S and Hamamoto, Hiroshi and Kobayashi, Masao and Aratani, Yasuaki and Koyama, Hideki and Sekimizu, Kazuhisa},
title = {{Enforced cytokinesis without complete nuclear division in embryonic cells depleting the activity of DNA topoisomerase IIalpha.}},
journal = {Genes to cells : devoted to molecular {\&} cellular mechanisms},
year = {2003},
volume = {8},
number = {4},
pages = {393--402},
month = apr
}

@article{Linka:2007jo,
author = {Linka, Ren{\'e} M and Porter, Andrew C G and Volkov, Arsen and Mielke, Christian and Boege, Fritz and Christensen, Morten O},
title = {{C-terminal regions of topoisomerase II alpha and II beta determine isoform-specific functioning of the enzymes in vivo.}},
journal = {Nucleic Acids Research},
year = {2007},
volume = {35},
number = {11},
pages = {3810--3822}
}

@article{Thomson:2014cq,
author = {Thomson, Neil H and Santos, Sergio and Mitchenall, Lesley A and Stuchinskaya, Tanya and Taylor, James A and Maxwell, Anthony},
title = {{DNA G-segment bending is not the sole determinant of topology simplification by type II DNA topoisomerases}},
journal = {Scientific Reports},
year = {2014},
volume = {4},
pages = {6158--9},
month = aug
}

@article{Anonymous:2013ep,
title = {{Introduction to DNA Topology}},
year = {2013},
pages = {1--19},
month = dec
}

@article{Schoeffler:2008dl,
author = {Schoeffler, Allyn J and Berger, James M},
title = {{DNA topoisomerases: harnessing and constraining energy to govern chromosome topology.}},
journal = {Quarterly reviews of biophysics},
year = {2008},
volume = {41},
number = {1},
pages = {41--101},
month = feb
}

@article{Chen:2013ex,
author = {Chen, Stefanie Hartman and Chan, Nei-Li and Hsieh, Tao-Shih},
title = {{New mechanistic and functional insights into DNA topoisomerases.}},
journal = {Annual review of biochemistry},
year = {2013},
volume = {82},
number = {1},
pages = {139--170}
}

@article{Stewart:1998te,
author = {Stewart, L and Redinbo, M R and Qiu, X and Hol, W G and Champoux, J J},
title = {{A model for the mechanism of human topoisomerase I.}},
journal = {Science},
year = {1998},
volume = {279},
number = {5356},
pages = {1534--1541},
month = mar
}

@article{Lopez:2005fh,
author = {Lopez, Christopher R and Yang, Shirley and Deibler, Richard W and Ray, Starlight A and Pennington, Jeanine M and Digate, Russell J and Hastings, P J and Rosenberg, Susan M and Zechiedrich, E Lynn},
title = {{A role for topoisomerase III in a recombination pathway alternative to RuvABC.}},
journal = {Molecular microbiology},
year = {2005},
volume = {58},
number = {1},
pages = {80--101},
month = oct
}

@article{DiGate:1988ts,
author = {DiGate, R J and Marians, K J},
title = {{Identification of a potent decatenating enzyme from \emph{Escherichia coli}.}},
journal = {The Journal of biological chemistry},
year = {1988},
volume = {263},
number = {26},
pages = {13366--13373},
month = sep
}

@article{Wang:2002hh,
author = {Wang, James C},
title = {{Cellular roles of DNA topoisomerases: a molecular perspective.}},
journal = {Nature reviews. Molecular cell biology},
year = {2002},
volume = {3},
number = {6},
pages = {430--440},
month = jun
}

@article{Champoux:2001cc,
author = {Champoux, J J},
title = {{DNA topoisomerases: structure, function, and mechanism.}},
journal = {Annual review of biochemistry},
year = {2001},
volume = {70},
number = {1},
pages = {369--413}
}

@article{Liu:1987tq,
title = {{Supercoiling of the DNA template during transcription.}},
year = {1987},
volume = {84},
number = {20},
pages = {7024--7027},
month = oct
}

@article{Tasan:2015er,
author = {Ta{\c s}an, Murat and Musso, Gabriel and Hao, Tong and Vidal, Marc and MacRae, Calum A and Roth, Frederick P},
title = {{Selecting causal genes from genome-wide association studies via functionally coherent subnetworks.}},
journal = {Nature Methods},
year = {2015},
volume = {12},
number = {2},
pages = {154--159},
month = feb
}

@article{Andersen:2014ec,
author = {Andersen, Erik C and Bloom, Joshua S and Gerke, Justin P and Kruglyak, Leonid},
title = {{A variant in the neuropeptide receptor npr-1 is a major determinant of \emph{Caenorhabditis elegans} growth and physiology.}},
year = {2014},
volume = {10},
number = {2},
pages = {e1004156},
month = feb
}

@article{Andersen:2015dm,
author = {Andersen, Erik C and Shimko, Tyler C and Crissman, Jonathan R and Ghosh, Rajarshi and Bloom, Joshua S and Seidel, Hannah S and Gerke, Justin P and Kruglyak, Leonid},
title = {{A Powerful New Quantitative Genetics Platform, Combining \emph{Caenorhabditis elegans} High-Throughput Fitness Assays with a Large Collection of Recombinant Strains.}},
journal = {G3 (Bethesda, Md.)},
year = {2015},
pages = {g3.115.017178},
month = mar
}

@article{Glater:2014jf,
author = {Glater, Elizabeth E and Rockman, Matthew V and Bargmann, Cornelia I},
title = {{Multigenic natural variation underlies \emph{Caenorhabditis elegans} olfactory preference for the bacterial pathogen \emph{Serratia marcescens}.}},
journal = {G3 (Bethesda, Md.)},
year = {2014},
volume = {4},
number = {2},
pages = {265--276},
month = feb
}

@article{Ashe:2013bu,
author = {Ashe, Alyson and B{\'e}licard, Tony and Le Pen, J{\'e}r{\'e}mie and Sarkies, Peter and Fr{\'e}zal, Lise and Lehrbach, Nicolas J and F{\'e}lix, Marie-Anne and Miska, Eric A},
title = {{A deletion polymorphism in the \emph{Caenorhabditis elegans} RIG-I homolog disables viral RNA dicing and antiviral immunity.}},
journal = {eLife},
year = {2013},
volume = {2},
pages = {e00994}
}

@article{Brenner:1974wn,
author = {Brenner, S},
title = {{The genetics of \emph{Caenorhabditis elegans}.}},
journal = {Genetics},
year = {1974},
volume = {77},
number = {1},
pages = {71--94},
month = may
}

@article{Wang:2011jy,
author = {Wang, Zheng and Sherwood, David R},
title = {{Dissection of genetic pathways in \emph{C. elegans.}}},
journal = {Methods in cell biology},
year = {2011},
volume = {106},
pages = {113--157}
}

@article{Chabner:2005ie,
author = {Chabner, Bruce A and Roberts, Thomas G},
title = {{Timeline: Chemotherapy and the war on cancer.}},
journal = {Nature reviews. Cancer},
year = {2005},
volume = {5},
number = {1},
pages = {65--72},
month = jan
}

@article{Kaletta:2006kc,
author = {Kaletta, Titus and Hengartner, Michael O},
title = {{Finding function in novel targets: \emph{C. elegans} as a model organism.}},
journal = {Nature reviews. Drug discovery},
year = {2006},
volume = {5},
number = {5},
pages = {387--398},
month = may
}

@article{Shaye:2011cc,
author = {Shaye, Daniel D and Greenwald, Iva},
title = {{OrthoList: a compendium of \emph{C. elegans} genes with human orthologs.}},
journal = {PLoS ONE},
year = {2011},
volume = {6},
number = {5},
pages = {e20085}
}

@article{Kirienko:2010il,
author = {Kirienko, Natalia V and Mani, Kumaran and Fay, David S},
title = {{Cancer models in Caenorhabditis elegans.}},
journal = {Developmental dynamics : an official publication of the American Association of Anatomists},
year = {2010},
volume = {239},
number = {5},
pages = {1413--1448},
month = may
}

@article{Koboldt:2013kw,
author = {Koboldt, Daniel C and Steinberg, Karyn Meltz and Larson, David E and Wilson, Richard K and Mardis, Elaine R},
title = {{The next-generation sequencing revolution and its impact on genomics.}},
journal = {Cell},
year = {2013},
volume = {155},
number = {1},
pages = {27--38},
month = sep
}

@article{Vejpongsa:2014br,
author = {Vejpongsa, P and Yeh, E T H},
title = {{Topoisomerase 2$\beta$: a promising molecular target for primary prevention of anthracycline-induced cardiotoxicity.}},
journal = {Clinical pharmacology and therapeutics},
year = {2014},
volume = {95},
number = {1},
pages = {45--52},
month = jan
}

@article{Dong:2008fi,
author = {Dong, Linda M and Potter, John D and White, Emily and Ulrich, Cornelia M and Cardon, Lon R and Peters, Ulrike},
title = {{Genetic susceptibility to cancer: the role of polymorphisms in candidate genes.}},
journal = {JAMA},
year = {2008},
volume = {299},
number = {20},
pages = {2423--2436},
month = may
}

@article{Park:2012bz,
author = {Park, Ju-Hyun and Gail, Mitchell H and Greene, Mark H and Chatterjee, Nilanjan},
title = {{Potential usefulness of single nucleotide polymorphisms to identify persons at high cancer risk: an evaluation of seven common cancers.}},
journal = {Journal of clinical oncology : official journal of the American Society of Clinical Oncology},
year = {2012},
volume = {30},
number = {17},
pages = {2157--2162},
month = jun
}

@article{Stadler:2010en,
author = {Stadler, Zsofia K and Thom, Peter and Robson, Mark E and Weitzel, Jeffrey N and Kauff, Noah D and Hurley, Karen E and Devlin, Vincent and Gold, Bert and Klein, Robert J and Offit, Kenneth},
title = {{Genome-wide association studies of cancer.}},
journal = {Journal of clinical oncology : official journal of the American Society of Clinical Oncology},
year = {2010},
volume = {28},
number = {27},
pages = {4255--4267},
month = sep
}

@article{Dong:2007it,
author = {Dong, Ken C and Berger, James M},
title = {{Structural basis for gate-DNA recognition and bending by type IIA topoisomerases}},
journal = {Nature},
year = {2007},
volume = {450},
number = {7173},
pages = {1201--1205},
month = dec
}

@article{Kouzine:2013fq,
author = {Kouzine, Fedor and Gupta, Ashutosh and Baranello, Laura and Wojtowicz, Damian and Ben-Aissa, Khadija and Liu, Juhong and Przytycka, Teresa M and Levens, David},
title = {{Transcription-dependent dynamic supercoiling is a short-range genomic force}},
journal = {Nature structural {\&} molecular biology},
year = {2013},
volume = {20},
number = {3},
pages = {396--403},
month = feb
}

@article{Chang:2013bn,
author = {Chang, Chih-Chiang and Wang, Ying-Ren and Chen, Shin-Fu and Wu, Chyuan-Chuan and Chan, Nei-Li},
title = {{New insights into DNA-binding by type IIA topoisomerases}},
journal = {Current Opinion in Structural Biology},
year = {2013},
volume = {23},
number = {1},
pages = {125--133},
month = feb
}

@article{Leelaram:2013eh,
author = {Leelaram, M N and Bhat, A G and Godbole, A A and Bhat, R S and Manjunath, R and Nagaraja, V},
title = {{Type IA topoisomerase inhibition by clamp closure}},
journal = {The FASEB Journal},
year = {2013},
volume = {27},
number = {8},
pages = {3030--3038},
month = aug
}

@article{Litwin:2014gm,
author = {Litwin, T R and Sola, M and Holt, I J and Neuman, K C},
title = {{A robust assay to measure DNA topology-dependent protein binding affinity}},
journal = {Nucleic Acids Research},
year = {2014},
pages = {1--10},
month = dec
}

@article{Baranello:2014ila,
author = {Baranello, Laura and Kouzine, Fedor and Levens, David},
title = {{DNA Topoisomerases}},
journal = {Transcription},
year = {2014},
volume = {4},
number = {5},
pages = {232--237},
month = oct
}

@article{Dong:2007ita,
author = {Dong, Ken C and Berger, James M},
title = {{Structural basis for gate-DNA recognition and bending by type IIA topoisomerases}},
journal = {Nature},
year = {2007},
volume = {450},
number = {7173},
pages = {1201--1205},
month = dec
}

@article{Leelaram:2013eha,
author = {Leelaram, Majety Naga and Bhat, Anuradha Gopal and Godbole, Adwait Anand and Bhat, Rajeshwari Subray and Manjunath, Ramanathapuram and Nagaraja, Valakunja},
title = {{Type IA topoisomerase inhibition by clamp closure.}},
journal = {FASEB journal : official publication of the Federation of American Societies for Experimental Biology},
year = {2013},
volume = {27},
number = {8},
pages = {3030--3038},
month = aug
}

@article{Wu:2013dia,
author = {Wu, Chyuan-Chuan and Li, Yi-Ching and Wang, Ying-Ren and Li, Tsai-Kun and Chan, Nei-Li},
title = {{On the structural basis and design guidelines for type II topoisomerase-targeting anticancer drugs.}},
journal = {Nucleic Acids Research},
year = {2013},
volume = {41},
number = {22},
pages = {10630--10640},
month = dec
}

@article{Litwin:2014gma,
author = {Litwin, Tamara R and Sol{\`a}, Maria and Holt, Ian J and Neuman, Keir C},
title = {{A robust assay to measure DNA topology-dependent protein binding affinity.}},
journal = {Nucleic Acids Research},
year = {2014},
pages = {gku1381},
month = dec
}

@article{Ahmed:2015bx,
author = {Ahmed, Wareed and Menon, Shruti and Karthik, Pullela V and Nagaraja, Valakunja},
title = {{Reduction in DNA topoisomerase I level affects growth, phenotype and nucleoid architecture of Mycobacterium smegmatis.}},
journal = {Microbiology (Reading, England)},
year = {2015},
volume = {161},
number = {Pt 2},
pages = {341--353},
month = feb
}

@article{Kouzine:2013fqa,
author = {Kouzine, Fedor and Gupta, Ashutosh and Baranello, Laura and Wojtowicz, Damian and Ben-Aissa, Khadija and Liu, Juhong and Przytycka, Teresa M and Levens, David},
title = {{Transcription-dependent dynamic supercoiling is a short-range genomic force}},
journal = {Nature structural {\&} molecular biology},
year = {2013},
volume = {20},
number = {3},
pages = {396--403},
month = feb
}

@article{Baranello:2014il,
author = {Baranello, Laura and Kouzine, Fedor and Levens, David},
title = {{DNA Topoisomerases}},
journal = {Transcription},
year = {2014},
volume = {4},
number = {5},
pages = {232--237},
month = oct
}

@article{Ray:2013cu,
author = {Ray, Swagat and Panova, Tatiana and Miller, Gail and Volkov, Arsen and Porter, Andrew C G and Russell, Jackie and Panov, Konstantin I and Zomerdijk, Joost C B M},
title = {{Topoisomerase II$\alpha$ promotes activation of RNA polymerase I transcription by facilitating pre-initiation complex formation.}},
journal = {Nature communications},
year = {2013},
volume = {4},
pages = {1598}
}

@article{Madsen:2009eg,
author = {Madsen, Bo Eskerod and Browning, Sharon R},
title = {{A Groupwise Association Test for Rare Mutations Using a Weighted Sum Statistic}},
year = {2009},
volume = {5},
number = {2},
pages = {e1000384--11},
month = feb
}

@article{Grohmann:2003gj,
author = {Grohmann, Ursula and Puccetti, Paolo},
title = {{CTLA-4, T helper lymphocytes and dendritic cells: an internal perspective of T-cell homeostasis}},
journal = {Trends in Molecular Medicine},
year = {2003},
volume = {9},
number = {4},
pages = {133--135},
month = apr
}

@article{Wilkins:2014fk,
author = {Wilkins, B J and Rall, N A and Ostwal, Y and Kruitwagen, T and Hiragami-Hamada, K and Winkler, M and Barral, Y and Fischle, W and Neumann, H},
title = {{A Cascade of Histone Modifications Induces Chromatin Condensation in Mitosis}},
journal = {Science},
year = {2014},
volume = {343},
number = {6166},
pages = {77--80},
month = jan
}

@article{Zawistowski:2010il,
author = {Zawistowski, Matthew and Gopalakrishnan, Shyam and Ding, Jun and Li, Yun and Grimm, Sara and Z{\"o}llner, Sebastian},
title = {{Extending Rare-Variant Testing Strategies:Analysis of Noncoding Sequence and Imputed Genotypes}},
journal = {The American Journal of Human Genetics},
year = {2010},
volume = {87},
number = {5},
pages = {604--617},
month = nov
}

@article{Li:2008gk,
author = {Li, Bingshan and Leal, Suzanne M},
title = {{Methods for Detecting Associations with Rare Variants for Common Diseases: Application to Analysis of Sequence Data}},
journal = {The American Journal of Human Genetics},
year = {2008},
volume = {83},
number = {3},
pages = {311--321},
month = sep
}

@article{Sham:2014di,
author = {Sham, Pak C and Purcell, Shaun M},
title = {{Statistical power and significance testing in large-scale genetic studies}},
journal = {Nature Publishing Group},
year = {2014},
volume = {15},
number = {5},
pages = {335--346},
month = may
}

@article{Anonymous:qdk2gIJw,
title = {{Package {\textquoteleft}AssotesteR{\textquoteright}}},
year = {2015},
pages = {1--56},
month = jan
}

@article{Deweese:2008id,
author = {Deweese, Joseph E and Burgin, Alex B and Osheroff, Neil},
title = {{Using 3{\textasciiacute}-Bridging Phosphorothiolates To Isolate the Forward DNA Cleavage Reaction of Human Topoisomerase II$\alpha$ {\dag}}},
journal = {Biochemistry},
year = {2008},
volume = {47},
number = {13},
pages = {4129--4140},
month = apr
}

@article{Smith:2008cd,
author = {Smith, Erin N and Kruglyak, Leonid},
title = {{Gene{\textendash}Environment Interaction in Yeast Gene Expression}},
journal = {PLoS Biology},
year = {2008},
volume = {6},
number = {4},
pages = {e83--15}
}

@article{Anonymous:CY022sTo,
author = {Brem, B Rachel and Yvert, Ga{\"e}l and Clinton, Rebecca},
title = {{Genetic Dissection of Transcriptional Regulation in Budding Yeast}},
year = {2015},
pages = {1--5},
month = apr
}

@article{Gagliano:2014bu,
author = {Gagliano, Sarah A and Barnes, Michael R and Weale, Michael E and Knight, Jo},
title = {{A Bayesian Method to Incorporate Hundreds of Functional Characteristics with Association Evidence to Improve Variant Prioritization}},
journal = {PLoS ONE},
year = {2014},
volume = {9},
number = {5},
pages = {e98122--14},
month = may
}

@article{Hill:2008bo,
author = {Hill, William G and Goddard, Michael E and Visscher, Peter M},
title = {{Data and Theory Point to Mainly Additive Genetic Variance for Complex Traits}},
year = {2008},
volume = {4},
number = {2},
pages = {e1000008--10},
month = feb
}

@article{Kichaev:2014ew,
author = {Kichaev, Gleb and Yang, Wen-Yun and Lindstrom, Sara and Hormozdiari, Farhad and Eskin, Eleazar and Price, Alkes L and Kraft, Peter and Pasaniuc, Bogdan},
title = {{Integrating Functional Data to Prioritize Causal Variants in Statistical Fine-Mapping Studies}},
year = {2014},
volume = {10},
number = {10},
pages = {e1004722--16},
month = oct
}

@article{Anonymous:SDQMZhyo,
title = {{Enhanced Amsacrine-induced Mutagenesis in Plateau-Phase Chinese Hamster Ovary Cells, with Targeting of}},
year = {1999},
pages = {1--8},
month = jul
}

@article{Gilroy:2006ke,
author = {Gilroy, K L},
title = {{mAMSA resistant human topoisomerase II~ mutation G465D has reduced ATP hydrolysis activity}},
journal = {Nucleic Acids Research},
year = {2006},
volume = {34},
number = {5},
pages = {1597--1607},
month = mar
}

@article{Li:2014go,
author = {Li, Q and Stram, A and Chen, C and Kar, S and Gayther, S and Pharoah, P and Haiman, C and Stranger, B and Kraft, P and Freedman, M L},
title = {{Expression QTL-based analyses reveal candidate causal genes and loci across five tumor types}},
journal = {Human Molecular Genetics},
year = {2014},
volume = {23},
number = {19},
pages = {5294--5302},
month = sep
}

@article{Vos:2011cra,
author = {Vos, Seychelle M and Tretter, Elsa M and Schmidt, Bryan H and Berger, James M},
title = {{All tangled up: how cells direct, manage and exploit topoisomerase function}},
journal = {Nature Publishing Group},
year = {2011},
volume = {12},
number = {12},
pages = {827--841},
month = dec
}

@article{Morris:2009ei,
author = {Morris, Andrew P and Zeggini, Eleftheria},
title = {{An evaluation of statistical approaches to rare variant analysis in genetic association studies}},
journal = {Genetic Epidemiology},
year = {2009},
volume = {34},
number = {2},
pages = {188--193},
month = oct
}

@incollection{Nitiss:2001fv,
author = {Nitiss, John L and Soans, Eroica and Rogojina, Anna and Seth, Aman and Mishina, Margarita},
title = {{Topoisomerase Assays}},
booktitle = {Current Protocol Pharmacology},
year = {2012},
pages = {1--34},
publisher = {John Wiley {\&} Sons, Inc.},
address = {Hoboken, NJ, USA},
month = jun
}

@article{Anonymous:3AuDLxpH,
title = {{ETOPOSIDE IN COMBINATION WITH CISPLATIN AND BLEOMYCIN}},
year = {2012},
pages = {1--16},
month = jul
}

@article{Chevalier:2014cq,
author = {Chevalier, Fr d ric D and Valentim, Claudia LL and LoVerde, Philip T and Anderson, Timothy JC},
title = {{Efficient linkage mapping using exome capture and extreme QTL in schistosome parasites}},
year = {2014},
volume = {15},
number = {1},
pages = {1--12},
month = jul
}

@article{Seidel:2008bp,
author = {Seidel, H S and Rockman, M V and Kruglyak, L},
title = {{Widespread Genetic Incompatibility in \emph{C. Elegans} Maintained by Balancing Selection}},
journal = {Science},
year = {2008},
volume = {319},
number = {5863},
pages = {589--594},
month = feb
}

@article{Farboud:2015fo,
author = {Farboud, B and Meyer, B J},
title = {{Dramatic Enhancement of Genome Editing by CRISPR/Cas9 Through Improved Guide RNA Design}},
journal = {Genetics},
year = {2015},
volume = {199},
number = {4},
pages = {959--971},
month = apr
}

@article{Parts:2014di,
author = {Parts, Leopold and Liu, Yi-Chun and Tekkedil, Manu M and Steinmetz, Lars M and Caudy, Amy A and Fraser, Andrew G and Boone, Charles and Andrews, Brenda J and Rosebrock, Adam P},
title = {{Heritability and genetic basis of protein level variation in an outbred population}},
journal = {Genome Research},
year = {2014},
volume = {24},
number = {8},
pages = {1363--1370},
month = aug
}

@article{Bloom:2013bq,
author = {Bloom, Joshua S and Ehrenreich, Ian M and Loo, Wesley T and Lite, Th{\'u}y-Lan V{\~o} and Kruglyak, Leonid},
title = {{Finding the sources of missing heritability in a yeast cross}},
journal = {Nature},
year = {2013},
pages = {1--6},
month = feb
}

@article{Sanchez:2011jn,
author = {WU, Chyuan-Chuan and Li, Tsai-Kun and Farth, Lynn and Lin, Li-Ying and Lin, Te-Sheng and Yu, Yu-Jen and Yen, Tien-jui and Chiang, Chia-Wang and Chan, Nei-Li},
title = {{Structural Basis of Type II 
Topoisomerase Inhibition by the 
Anticancer Drug Etoposide 
}},
journal = {Science},
year = {2011},
volume = {333},
number = {6041},
pages = {456--459},
month = jul
}

@article{Ghosh:2012fza,
author = {Ghosh, R and Andersen, E C and Shapiro, J A and Gerke, J P and Kruglyak, L},
title = {{Natural Variation in a Chloride Channel Subunit Confers Avermectin Resistance in \emph{C. elegans}}},
journal = {Science},
year = {2012},
volume = {335},
number = {6068},
pages = {574--578},
month = feb
}

@article{Liu:2010ce,
author = {Liu, Dajiang J and Leal, Suzanne M},
title = {{A Novel Adaptive Method for the Analysis of Next-Generation Sequencing Data to Detect Complex Trait Associations with Rare Variants Due to Gene Main Effects and Interactions}},
year = {2010},
volume = {6},
number = {10},
pages = {e1001156--14},
month = oct
}

@article{Hohl:2012ev,
author = {Hohl, Amber M and Thompson, Morgan and Soshnev, Alexey A and Wu, Jianhong and Morris, James and Hsieh, Tao-Shih and Wu, C-Ting and Geyer, Pamela K},
title = {{Restoration of topoisomerase 2 function by complementation of defective monomers in Drosophila.}},
journal = {Genetics},
year = {2012},
volume = {192},
number = {3},
pages = {843--856},
month = nov
}

@article{Lee:2009ca,
author = {Lee, Ming-Ta and Bachant, Jeff},
title = {{SUMO modification of DNA topoisomerase II: trying to get a CENse of it all.}},
journal = {DNA repair},
year = {2009},
volume = {8},
number = {4},
pages = {557--568},
month = apr
}

@article{Lindsey:2014hy,
author = {Lindsey, R Hunter and Pendleton, MaryJean and Ashley, Rachel E and Mercer, Susan L and Deweese, Joseph E and Osheroff, Neil},
title = {{Catalytic core of human topoisomerase II$\alpha$: insights into enzyme-DNA interactions and drug mechanism.}},
journal = {Biochemistry},
year = {2014},
volume = {53},
number = {41},
pages = {6595--6602},
month = oct
}

@article{Smith:2014im,
author = {Smith, Nicholas A and Byl, Jo Ann W and Mercer, Susan L and Deweese, Joseph E and Osheroff, Neil},
title = {{Etoposide quinone is a covalent poison of human topoisomerase II$\beta$.}},
journal = {Biochemistry},
year = {2014},
volume = {53},
number = {19},
pages = {3229--3236},
month = may
}

@article{Grabarz:2012to,
author = {Grabarz, Anastazja and Barascu, Aur{\'e}lia and Guirouilh-Barbat, Jos{\'e}e and Lopez, Bernard S},
title = {{Initiation of DNA double strand break repair: signaling and single-stranded resection dictate the choice between homologous recombination, non-homologous end-joining and alternative end-joining.}},
journal = {American journal of cancer research},
year = {2012},
volume = {2},
number = {3},
pages = {249--268}
}

@article{Chapman:2012kd,
author = {Chapman, J Ross and Taylor, Martin R G and Boulton, Simon J},
title = {{Playing the end game: DNA double-strand break repair pathway choice.}},
journal = {Molecular cell},
year = {2012},
volume = {47},
number = {4},
pages = {497--510},
month = aug
}

@article{GomezCabello:2013fv,
author = {Gomez-Cabello, Daniel and Jimeno, Sonia and Fern{\'a}ndez-{\'A}vila, Mar{\'\i}a Jes{\'u}s and Huertas, Pablo},
title = {{New tools to study DNA double-strand break repair pathway choice.}},
journal = {PLoS ONE},
year = {2013},
volume = {8},
number = {10},
pages = {e77206}
}

@article{Granata:2013gv,
author = {Granata, Magda and Panigada, Davide and Galati, Elena and Lazzaro, Federico and Pellicioli, Achille and Plevani, Paolo and Muzi-Falconi, Marco},
title = {{To trim or not to trim: progression and control of DSB end resection.}},
journal = {Cell cycle (Georgetown, Tex.)},
year = {2013},
volume = {12},
number = {12},
pages = {1848--1860},
month = jun
}

@article{Britton:2013cc,
author = {Britton, S{\'e}bastien and Coates, Julia and Jackson, Stephen P},
title = {{A new method for high-resolution imaging of Ku foci to decipher mechanisms of DNA double-strand break repair.}},
journal = {The Journal of cell biology},
year = {2013},
volume = {202},
number = {3},
pages = {579--595},
month = aug
}

@article{Aparicio:2014jr,
author = {Aparicio, Tomas and Baer, Richard and Gautier, Jean},
title = {{DNA double-strand break repair pathway choice and cancer.}},
journal = {DNA repair},
year = {2014},
volume = {19},
pages = {169--175},
month = jul
}

@article{Tsutakawa:2014jp,
author = {Tsutakawa, Susan E and Lafrance-Vanasse, Julien and Tainer, John A},
title = {{The cutting edges in DNA repair, licensing, and fidelity: DNA and RNA repair nucleases sculpt DNA to measure twice, cut once.}},
journal = {DNA repair},
year = {2014},
volume = {19},
pages = {95--107},
month = jul
}

@article{Baranello:2014bq,
author = {Baranello, Laura and Kouzine, Fedor and Wojtowicz, Damian and Cui, Kairong and Przytycka, Teresa M and Zhao, Keji and Levens, David},
title = {{DNA break mapping reveals topoisomerase II activity genome-wide.}},
journal = {International journal of molecular sciences},
year = {2014},
volume = {15},
number = {7},
pages = {13111--13122}
}

@article{Gao:2014im,
author = {Gao, Rui and Schellenberg, Matthew J and Huang, Shar-Yin N and Abdelmalak, Monica and Marchand, Christophe and Nitiss, Karin C and Nitiss, John L and Williams, R Scott and Pommier, Yves},
title = {{Proteolytic degradation of topoisomerase II (Top2) enables the processing of Top2{\textperiodcentered}DNA and Top2{\textperiodcentered}RNA covalent complexes by tyrosyl-DNA-phosphodiesterase 2 (TDP2).}},
journal = {The Journal of biological chemistry},
year = {2014},
volume = {289},
number = {26},
pages = {17960--17969},
month = jun
}

@article{Shi:2012hf,
author = {Shi, Ke and Kurahashi, Kayo and Gao, Rui and Tsutakawa, Susan E and Tainer, John A and Pommier, Yves and Aihara, Hideki},
title = {{Structural basis for recognition of 5'-phosphotyrosine adducts by Tdp2.}},
journal = {Nature structural {\&} molecular biology},
year = {2012},
volume = {19},
number = {12},
pages = {1372--1377},
month = dec
}

@article{Wendorff:2012dg,
author = {Wendorff, Timothy J and Schmidt, Bryan H and Heslop, Pauline and Austin, Caroline A and Berger, James M},
title = {{The structure of DNA-bound human topoisomerase II alpha: conformational mechanisms for coordinating inter-subunit interactions with DNA cleavage.}},
journal = {Journal of molecular biology},
year = {2012},
volume = {424},
number = {3-4},
pages = {109--124},
month = dec
}

@article{Anonymous:2014cn,
title = {{Using Drosophila melanogaster To Identify Chemotherapy Toxicity Genes}},
year = {2014},
pages = {1--28},
month = sep
}

@article{Welter:2014dj,
author = {Welter, Danielle and MacArthur, Jacqueline and Morales, Joannella and Burdett, Tony and Hall, Peggy and Junkins, Heather and Klemm, Alan and Flicek, Paul and Manolio, Teri and Hindorff, Lucia and Parkinson, Helen},
title = {{The NHGRI GWAS Catalog, a curated resource of SNP-trait associations.}},
journal = {Nucleic Acids Research},
year = {2014},
volume = {42},
number = {Database issue},
pages = {D1001--6},
month = jan
}

@article{Paix:2014eu,
author = {Paix, Alexandre and Wang, Yuemeng and Smith, Harold E and Lee, Chih-Yung S and Calidas, Deepika and Lu, Tu and Smith, Jarrett and Schmidt, Helen and Krause, Michael W and Seydoux, Geraldine},
title = {{Scalable and versatile genome editing using linear DNAs with microhomology to Cas9 Sites in \emph{Caenorhabditis elegans}.}},
journal = {Genetics},
year = {2014},
volume = {198},
number = {4},
pages = {1347--1356},
month = dec
}

@article{Lander:1995js,
author = {Lander, E and Kruglyak, L},
title = {{Genetic dissection of complex traits: guidelines for interpreting and reporting linkage results.}},
journal = {Nature Genetics},
year = {1995},
volume = {11},
number = {3},
pages = {241--247},
month = nov
}

@article{Capra:2008cm,
author = {Capra, Emily J and Skrovanek, Sonja M and Kruglyak, Leonid},
title = {{Comparative developmental expression profiling of two C. elegans isolates.}},
journal = {PLoS ONE},
year = {2008},
volume = {3},
number = {12},
pages = {e4055}
}

@article{Anonymous:FvwYlmZi,
title = {{Computing and Visualizing Dynamic Time Warping Alignments in R: The dtw Package}}
}

@article{Arribere:2014ku,
author = {Arribere, Joshua A and Bell, Ryan T and Fu, Becky X H and Artiles, Karen L and Hartman, Phil S and Fire, Andrew Z},
title = {{Efficient marker-free recovery of custom genetic modifications with CRISPR/Cas9 in \emph{Caenorhabditis elegans}.}},
journal = {Genetics},
year = {2014},
volume = {198},
number = {3},
pages = {837--846},
month = nov
}

@article{Anders:2010fu,
author = {Anders, Simon and Huber, Wolfgang},
title = {{Differential expression analysis for sequence count data.}},
journal = {Genome Biology},
year = {2010},
volume = {11},
number = {10},
pages = {R106}
}

@article{Liu:2014jy,
author = {Liu, Dong and Zhu, Zuoyan and Liu, Pengpeng and Long, Lijiang and Xiong, Kai and Yu, Bo and Chang, Nannan and Xiong, Jing-Wei},
title = {{Heritable/conditional genome editing in C. elegans using a CRISPR-Cas9 feeding system.}},
journal = {Cell Research},
year = {2014},
volume = {24},
number = {7},
pages = {886--889},
month = jul
}

@article{Munsky:2012ie,
author = {Munsky, Brian and Neuert, Gregor and van Oudenaarden, Alexander},
title = {{Using gene expression noise to understand gene regulation.}},
journal = {Science},
year = {2012},
volume = {336},
number = {6078},
pages = {183--187},
month = apr
}

@article{Sanchez:2013fp,
author = {Sanchez, Alvaro and Choubey, Sandeep and Kondev, Jane},
title = {{Regulation of noise in gene expression.}},
journal = {Annual Review of Biophysics},
year = {2013},
volume = {42},
number = {1},
pages = {469--491}
}

@article{Reinke:2004cj,
author = {Reinke, Valerie and Gil, Inigo San and Ward, Samuel and Kazmer, Keith},
title = {{Genome-wide germline-enriched and sex-biased expression profiles in Caenorhabditis elegans.}},
journal = {Development},
year = {2004},
volume = {131},
number = {2},
pages = {311--323},
month = jan
}

@article{Francesconi:2014jf,
author = {Francesconi, Mirko and Lehner, Ben},
title = {{The effects of genetic variation on gene expression dynamics during development.}},
journal = {Nature},
year = {2014},
volume = {505},
number = {7482},
pages = {208--211},
month = jan
}

@article{Rockman:2010du,
author = {Rockman, Matthew V and Skrovanek, Sonja S and Kruglyak, Leonid},
title = {{Selection at linked sites shapes heritable phenotypic variation in \emph{C. elegans}.}},
journal = {Science},
year = {2010},
volume = {330},
number = {6002},
pages = {372--376},
month = oct
}

@article{Snoek:2013fb,
author = {Snoek, L Basten and Van der Velde, K Joeri and Arends, Danny and Li, Yang and Beyer, Antje and Elvin, Mark and Fisher, Jasmin and Hajnal, Alex and Hengartner, Michael O and Poulin, Gino B and Rodriguez, Miriam and Schmid, Tobias and Schrimpf, Sabine and Xue, Feng and Jansen, Ritsert C and Kammenga, Jan E and Swertz, Morris A},
title = {{WormQTL--public archive and analysis web portal for natural variation data in Caenorhabditis spp.}},
journal = {Nucleic Acids Research},
year = {2013},
volume = {41},
number = {Database issue},
pages = {D738--43},
month = jan
}

@article{Rockman:2006hd,
author = {Rockman, Matthew V and Kruglyak, Leonid},
title = {{Genetics of global gene expression.}},
journal = {Nature Reviews Genetics},
year = {2006},
volume = {7},
number = {11},
pages = {862--872},
month = nov
}

@article{Mardis:2008fr,
author = {Mardis, Elaine R},
title = {{Next-generation DNA sequencing methods.}},
journal = {Annual Review of Genomics and Human Genetics},
year = {2008},
volume = {9},
number = {1},
pages = {387--402}
}

@article{WellcomeTrustCaseControlConsortium:2007do,
author = {{Wellcome Trust Case Control Consortium} and Morris, Andrew P},
title = {{Genome-wide association study of 14,000 cases of seven common diseases and 3,000 shared controls.}},
journal = {Nature},
year = {2007},
volume = {447},
number = {7145},
pages = {661--678},
month = jun
}

@article{Kruglyak:1996uy,
author = {Kruglyak, L and Daly, M J and Reeve-Daly, M P and Lander, E S},
title = {{Parametric and nonparametric linkage analysis: a unified multipoint approach.}},
journal = {The American Journal of Human Genetics},
year = {1996},
volume = {58},
number = {6},
pages = {1347--1363},
month = jun
}

@article{Doench:2014kv,
author = {Doench, John G and Sullender, Meagan and Root, David E and Hegde, Mudra and Ebert, Benjamin L and Xavier, Ramnik J and Doench, John G and Smith, Ian and Hartenian, Ella and Graham, Daniel B and Tothova, Zuzana and Hartenian, Ella and Graham, Daniel B and Tothova, Zuzana},
title = {{Rational design of highly active sgRNAs for CRISPR-Cas9{\textendash}mediated gene inactivation}},
journal = {Nature Biotechnology},
year = {2014},
volume = {32},
number = {12},
pages = {1262--1267},
month = sep
}

@article{Friedland:2013jk,
author = {Friedland, Ari E and Tzur, Yonatan B and Esvelt, Kevin M and Colai{\'a}covo, Monica P and Church, George M and Calarco, John A},
title = {{Heritable genome editing in C. elegans via a CRISPR-Cas9 system.}},
journal = {Nature Methods},
year = {2013},
volume = {10},
number = {8},
pages = {741--743},
month = aug
}

@article{Anonymous:0RcsP8zr,
title = {{Evidence of Evolution}}
}

@article{King:2007fi,
author = {King, Oliver D and Masel, Joanna},
title = {{The evolution of bet-hedging adaptations to rare scenarios.}},
journal = {Theoretical Population Biology},
year = {2007},
volume = {72},
number = {4},
pages = {560--575},
month = dec
}

@article{Meadows:2012cm,
author = {Meadows, Robin},
title = {{Yeast survive by hedging their bets.}},
journal = {PLoS Biology},
year = {2012},
volume = {10},
number = {5},
pages = {e1001327}
}

@article{Levy:2012ia,
author = {Levy, Sasha F and Ziv, Naomi and Siegal, Mark L},
title = {{Bet hedging in yeast by heterogeneous, age-correlated expression of a stress protectant.}},
journal = {PLoS Biology},
year = {2012},
volume = {10},
number = {5},
pages = {e1001325}
}

@article{Felix:2012fp,
author = {F{\'e}lix, Marie-Anne and Duveau, Fabien},
title = {{Population dynamics and habitat sharing of natural populations of Caenorhabditis elegans and C. briggsae.}},
journal = {BMC Biology},
year = {2012},
volume = {10},
number = {1},
pages = {59}
}

@article{Kim:2014ez,
author = {Kim, Heesun and Ishidate, Takao and Ghanta, Krishna S and Seth, Meetu and Conte, Darryl and Shirayama, Masaki and Mello, Craig C},
title = {{A co-CRISPR strategy for efficient genome editing in Caenorhabditis elegans.}},
journal = {Genetics},
year = {2014},
volume = {197},
number = {4},
pages = {1069--1080},
month = aug
}

@article{Hadfield:2010ko,
author = {Hadfield, J D and Nakagawa, S},
title = {{General quantitative genetic methods for comparative biology: phylogenies, taxonomies and multi-trait models for continuous and categorical characters.}},
journal = {Journal of Evolutionary Biology},
year = {2010},
volume = {23},
number = {3},
pages = {494--508},
month = mar
}

@article{Simons:2011cs,
author = {Simons, Andrew M},
title = {{Modes of response to environmental change and the elusive empirical evidence for bet hedging.}},
journal = {Proceedings. Biological sciences / The Royal Society},
year = {2011},
volume = {278},
number = {1712},
pages = {1601--1609},
month = jun
}

@article{Anonymous:8iEhmhd-,
title = {{On the Nature and Evolutionary Impact of Phenotypic Robustness Mechanisms}}
}

@article{Felix:2010ku,
author = {F{\'e}lix, Marie-Anne and Braendle, Christian},
title = {{The natural history of Caenorhabditis elegans.}},
journal = {Current biology : CB},
year = {2010},
volume = {20},
number = {22},
pages = {R965--9},
month = nov
}

@article{Orr:2005dy,
author = {Orr, H Allen},
title = {{The genetic theory of adaptation: a brief history.}},
journal = {Nature Reviews Genetics},
year = {2005},
volume = {6},
number = {2},
pages = {119--127},
month = feb
}

@article{Anonymous:RlUwdosH,
title = {{Origin and Consequences of the Relationship between Protein Mean and Variance}}
}

@article{Anonymous:nkSRUCI0,
title = {{Cell-to-Cell Stochastic Variation in Gene Expression Is a Complex Genetic Trait}}
}

@article{Fehrmann:2013jz,
author = {Fehrmann, Steffen and Bottin-Duplus, H{\'e}l{\`e}ne and Leonidou, Andri and Mollereau, Esther and Barthelaix, Audrey and Wei, Wu and Steinmetz, Lars M and Yvert, Ga{\"e}l},
title = {{Natural sequence variants of yeast environmental sensors confer cell-to-cell expression variability.}},
journal = {Molecular Systems Biology},
year = {2013},
volume = {9},
number = {1},
pages = {695--695}
}

@article{Anonymous:qGB5JJ0Y,
title = {{Adaptive Noise}}
}

@article{Hirschhorn:2005ck,
author = {Hirschhorn, Joel N and Daly, Mark J},
title = {{Genome-wide association studies for common diseases and complex traits.}},
journal = {Nature Reviews Genetics},
year = {2005},
volume = {6},
number = {2},
pages = {95--108},
month = feb
}

@article{Ioannidis:2009if,
author = {Ioannidis, John P A and Thomas, Gilles and Daly, Mark J},
title = {{Validating, augmenting and refining genome-wide association signals.}},
journal = {Nature Reviews Genetics},
year = {2009},
volume = {10},
number = {5},
pages = {318--329},
month = may
}

@article{Brenner:1974ty,
author = {Brenner, S},
title = {{Caenorhabditis elegans}},
year = {1974},
pages = {71--94}
}

@article{Gerke:2010gr,
author = {Gerke, Justin and Lorenz, Kim and Ramnarine, Shelina and Cohen, Barak},
title = {{Gene-environment interactions at nucleotide resolution.}},
year = {2010},
volume = {6},
number = {9},
pages = {e1001144},
month = sep
}

@article{Anonymous:-A0v2IZV,
title = {{GWASTools}}
}

@article{Andersen:2012gm,
author = {Andersen, Erik C and Bloom, Joshua S and Kruglyak, Leonid and F{\'e}lix, Marie-Anne and Ghosh, Rajarshi and Gerke, Justin P and Shapiro, Joshua A and Crissman, Jonathan R},
title = {{Chromosome-scale selective sweeps shape \emph{Caenorhabditis elegans} genomic diversity.}},
journal = {Nature Genetics},
year = {2012},
volume = {44},
number = {3},
pages = {285--290},
month = mar
}

@article{Platt:2010cu,
author = {Platt, Alexander and Vilhj{\'a}lmsson, Bjarni J and Nordborg, Magnus},
title = {{Conditions under which genome-wide association studies will be positively misleading.}},
journal = {Genetics},
year = {2010},
volume = {186},
number = {3},
pages = {1045--1052},
month = nov,
annote = {FDR in GWAS
}
}

@article{Leslie:2014kz,
author = {Leslie, R and Leslie, Richard and O'Donnell, C J and O'Donnell, Christopher J and Johnson, Andrew D and Johnson, A D},
title = {{GRASP: analysis of genotype-phenotype results from 1390 genome-wide association studies and corresponding open access database.}},
journal = {Bioinformatics},
year = {2014},
volume = {30},
number = {12},
pages = {i185--94},
month = jun
}

@article{Zdraljevic:2013fb,
author = {Zdraljevic, Stefan and Wagner, Drew and Cheng, Kevin and Ruohonen, Laura and J{\"a}ntti, Jussi and Penttil{\"a}, Merja and Resnekov, Orna and Pesce, C Gustavo},
title = {{Single-cell measurements of enzyme levels as a predictive tool for cellular fates during organic acid production.}},
journal = {Applied and Environmental Microbiology},
year = {2013},
volume = {79},
number = {24},
pages = {7569--7582},
month = dec
}

@article{Horvitz:JJ9neeob,
author = {Horvitz, H Robert},
title = {{WORMS, LIFE AND DEATH}},
journal = {Nobel Lecture},
year = {2002}
}

@article{Bolker:2009cs,
author = {Bolker, Benjamin M and Brooks, Mollie E and Clark, Connie J and Geange, Shane W and Poulsen, John R and Stevens, M Henry H and White, Jada-Simone S},
title = {{Generalized linear mixed models: a practical guide for ecology and evolution.}},
journal = {Trends in Ecology {\&} Evolution},
year = {2009},
volume = {24},
number = {3},
pages = {127--135},
month = mar
}

@article{Pritchard:2000uv,
author = {Pritchard, J K and Stephens, M and Donnelly, P},
title = {{Inference of population structure using multilocus genotype data.}},
year = {2000},
volume = {155},
number = {2},
pages = {945--959}
}

@article{Wang:2009ur,
author = {Wang, Zhong and Gerstein, Mark and Snyder, Michael},
title = {{RNA-Seq: a revolutionary tool for transcriptomics.}},
year = {2009},
volume = {10},
number = {1},
pages = {57--63}
}

@article{Shendure:2008jh,
author = {Shendure, Jay and Ji, Hanlee},
title = {{Next-generation DNA sequencing.}},
journal = {Nature Biotechnology},
year = {2008},
volume = {26},
number = {10},
pages = {1135--1145},
month = oct
}

@article{Alon:2009ww,
author = {Alon, Uri},
title = {{How To Choose a Good Scientific Problem}},
journal = {Molecular Cell},
year = {2009},
volume = {35},
number = {6},
pages = {726--728}
}

@article{Kao:2007gz,
author = {Kao, Gautam and Nordenson, Cecilia and Still, Maria and R{\"o}nnlund, Agneta and Tuck, Simon and Naredi, Peter},
title = {{ASNA-1 Positively Regulates Insulin Secretion in C. elegans and Mammalian Cells}},
journal = {Cell},
year = {2007},
volume = {128},
number = {3},
pages = {577--587},
month = feb
}

@article{Baugh:2013fi,
author = {Baugh, L R},
title = {{To Grow or Not to Grow: Nutritional Control of Development During Caenorhabditis elegans L1 Arrest}},
journal = {Genetics},
year = {2013},
volume = {194},
number = {3},
pages = {539--555},
month = jul
}

@article{Baugh:2006bk,
author = {Baugh, L Ryan and Sternberg, Paul W},
title = {{DAF-16/FOXO Regulates Transcription of cki-1/Cip/Kip and Repression of lin-4 during C. elegans L1 Arrest}},
journal = {Current Biology},
year = {2006},
volume = {16},
number = {8},
pages = {780--785},
month = apr
}

@article{Karp:2011ba,
author = {Karp, X and Hammell, M and Ow, M C and Ambros, V},
title = {{Effect of life history on microRNA expression during C. elegans development}},
journal = {RNA},
year = {2011},
volume = {17},
number = {4},
pages = {639--651},
month = mar
}

@article{Castro:2012gj,
author = {Castro, Paola V and Khare, Shilpi and Young, Brian D and Clarke, Steven G},
title = {{Caenorhabditis elegans Battling Starvation Stress: Low Levels of Ethanol Prolong Lifespan in L1 Larvae}},
journal = {PLoS ONE},
year = {2012},
volume = {7},
number = {1},
pages = {e29984--11},
month = jan
}

@article{Anonymous:2011dw,
title = {{microRNAs play critical roles in the survival and recovery of Caenorhabditis elegans fromstarvation-induced L1 diapause}},
year = {2011},
pages = {1--6},
month = oct
}

@article{Watson:2013gx,
author = {Watson, Emma and MacNeil, Lesley T and Arda, H Efsun and Zhu, Lihua Julie and Walhout, Albertha J M},
title = {{Integration of Metabolic and Gene Regulatory Networks Modulates the C.~elegans Dietary Response}},
journal = {Cell},
year = {2013},
volume = {153},
number = {1},
pages = {253--266},
month = mar
}

@article{Snoek:2014gm,
author = {Snoek, L Basten and Sterken, Mark G and Volkers, Rita J M and Klatter, Mirre and Bosman, Kobus J and Bevers, Roel P J and Riksen, Joost A G and Smant, Geert and Cossins, Andrew R and Kammenga, Jan E},
title = {{A rapid and massive gene expression shift marking adolescent transition in C. elegans}},
journal = {Scientific Reports},
year = {2014},
volume = {4},
pages = {1--5},
month = jan
}

@article{Watson:2014fk,
author = {Watson, Emma and MacNeil, Lesley T and Ritter, Ashlyn D and Yilmaz, L Safak and Rosebrock, Adam P and Caudy, Amy A and Walhout, Albertha J M},
title = {{Interspecies Systems Biology Uncovers Metabolites Affecting C.~elegans Gene Expression and Life History Traits}},
journal = {Cell},
year = {2014},
volume = {156},
number = {4},
pages = {759--770},
month = feb
}

@article{Gracida:2013kv,
author = {Gracida, Xicotencatl and Eckmann, Christian R},
title = {{Fertility and Germline Stem Cell Maintenance under Different Diets Requires nhr-114/HNF4 in C.{\&}nbsp;elegans}},
journal = {Current Biology},
year = {2013},
volume = {23},
number = {7},
pages = {607--613},
month = apr
}

@article{Shtonda:2006cz,
author = {Shtonda, B B},
title = {{Dietary choice behavior in Caenorhabditis elegans}},
journal = {Journal of Experimental Biology},
year = {2006},
volume = {209},
number = {1},
pages = {89--102},
month = jan
}

@article{McGrath:2011kw,
author = {McGrath, Patrick T and Xu, Yifan and Ailion, Michael and Garrison, Jennifer L and Butcher, Rebecca A and Bargmann, Cornelia I},
title = {{Parallel evolution of domesticated Caenorhabditis species targets pheromone receptor genes}},
journal = {Nature},
year = {2011},
volume = {477},
number = {7364},
pages = {321--325},
month = sep
}

@article{Rockman:2011ej,
author = {Rockman, Matthew V},
title = {{THE QTN PROGRAM AND THE ALLELES THAT MATTER FOR EVOLUTION: ALL THAT'S GOLD DOES NOT GLITTER}},
journal = {Evolution},
year = {2011},
volume = {66},
number = {1},
pages = {1--17},
month = nov
}

@article{Anonymous:2010gp,
title = {{Gene{\textendash}Environment Interactions at Nucleotide Resolution}},
year = {2010},
pages = {1--11},
month = sep
}

@article{Ghosh:2012ch,
author = {Ghosh, Rajarshi and Mohammadi, Aylia and Kruglyak, Leonid and Ryu, William S},
title = {{Multiparameter behavioral profiling reveals distinct thermal response regimes in Caenorhabditis elegans}},
journal = {BMC Biology},
year = {2012},
volume = {10},
number = {1},
pages = {85},
month = oct
}

@article{Torabi:2012ch,
author = {Torabi, Noorossadat and Kruglyak, Leonid},
title = {{Genetic Basis of Hidden Phenotypic Variation Revealed by Increased Translational Readthrough in Yeast}},
year = {2012},
volume = {8},
number = {3},
pages = {e1002546--12},
month = mar
}

@article{Kang:2010fg,
author = {Kang, Hyun Min and Sul, Jae Hoon and Service, Susan K and Zaitlen, Noah A and Kong, Sit-yee and Freimer, Nelson B and Sabatti, Chiara and Eskin, Eleazar},
title = {{Variance component model to account for sample structure in genome-wide association studies}},
journal = {Nature Genetics},
year = {2010},
volume = {42},
number = {4},
pages = {348--354},
month = mar
}

@article{Zhou:2014kk,
author = {Zhou, Xiang and Stephens, Matthew},
title = {{Efficient multivariate linear mixed model algorithms for genome-wide association studies}},
journal = {Nature Methods},
year = {2014},
volume = {11},
number = {4},
pages = {407--409},
month = feb
}

@article{Atwell:2010gj,
author = {Atwell, Susanna and Huang, Yu S and Vilhj{\'a}lmsson, Bjarni J and Willems, Glenda and Horton, Matthew and Li, Yan and Meng, Dazhe and Platt, Alexander and Tarone, Aaron M and Hu, Tina T and Jiang, Rong and Muliyati, N Wayan and Zhang, Xu and Amer, Muhammad Ali and Baxter, Ivan and Brachi, Benjamin and Chory, Joanne and Dean, Caroline and Debieu, Marilyne and de Meaux, Juliette and Ecker, Joseph R and Faure, Nathalie and Kniskern, Joel M and Jones, Jonathan D G and Michael, Todd and Nemri, Adnane and Roux, Fabrice and Salt, David E and Tang, Chunlao and Todesco, Marco and Traw, M Brian and Weigel, Detlef and Marjoram, Paul and Borevitz, Justin O and Bergelson, Joy and Nordborg, Magnus},
title = {{Genome-wide association study of 107 phenotypes in Arabidopsis thaliana inbred lines}},
journal = {Nature},
year = {2010},
volume = {465},
number = {7298},
pages = {627--631},
month = mar
}

@article{Segura:2012hi,
author = {Segura, Vincent and Vilhj{\'a}lmsson, Bjarni J and Platt, Alexander and Korte, Arthur and Seren, {\"U}mit and Long, Quan and Nordborg, Magnus},
title = {{An efficient multi-locus mixed-model approach for genome-wide association studies in structured populations}},
journal = {Nature Genetics},
year = {2012},
volume = {44},
number = {7},
pages = {825--830},
month = jun
}

@article{Kang:2008bx,
author = {Kang, H M and Zaitlen, N A and Wade, C M and Kirby, A and Heckerman, D and Daly, M J and Eskin, E},
title = {{Efficient Control of Population Structure in Model Organism Association Mapping}},
journal = {Genetics},
year = {2008},
volume = {178},
number = {3},
pages = {1709--1723},
month = feb
}

@article{Balding:2006gk,
author = {Balding, David J},
title = {{A tutorial on statistical methods for population association studies}},
journal = {Nature Reviews Genetics},
year = {2006},
volume = {7},
number = {10},
pages = {781--791},
month = oct
}

@article{GAERTNER:2011gl,
author = {Gaertner, Bryn E and Phillips, Patrick C},
title = {{\emph{Caenorhabditis elegans} as a platform for molecular quantitative genetics and the systems biology of natural variation}},
journal = {Genetics Research},
year = {2011},
volume = {92},
number = {5-6},
pages = {331--348},
month = mar
}

@article{Zhou:2012gh,
author = {Zhou, Xiang and Stephens, Matthew},
title = {{Genome-wide efficient mixed-model analysis for association studies}},
journal = {Nature Genetics},
year = {2012},
volume = {44},
number = {7},
pages = {821--824},
month = jun
}

@article{Wu:2011ih,
author = {Wu, Michael C and Lee, Seunggeun and Cai, Tianxi and Li, Yun and Boehnke, Michael and Lin, Xihong},
title = {{Rare-Variant Association Testing for Sequencing Data with the Sequence Kernel Association Test}},
journal = {The American Journal of Human Genetics},
year = {2011},
volume = {89},
number = {1},
pages = {82--93},
month = jul
}

@article{Low:2013jw,
author = {Low, Siew-Kee and Chung, Suyoun and Takahashi, Atsushi and Zembutsu, Hitoshi and Mushiroda, Taisei and Kubo, Michiaki and Nakamura, Yusuke},
title = {{Genome-wide association study of chemotherapeutic agent-induced severe neutropenia/leucopenia for patients in Biobank Japan}},
journal = {Cancer Science},
year = {2013},
volume = {104},
number = {8},
pages = {1074--1082},
month = jun
}

@article{Anonymous:RQtSGf9-,
title = {{A genome-wide approach to identify genetic variants that contribute to etoposide-induced cytotoxicity}},
year = {2007},
pages = {1--6},
month = may
}

@article{Pommier:2010km,
author = {Pommier, Yves and Leo, Elisabetta and Zhang, HongLiang and Marchand, Christophe},
title = {{DNA Topoisomerases and Their Poisoning by Anticancer and Antibacterial Drugs}},
journal = {Chemistry {\&} Biology},
year = {2010},
volume = {17},
number = {5},
pages = {421--433},
month = may
}

